% article
% Required fields: author, title, journal, year.
% Optional fields: volume, number, pages, month, note.
@article{article,
    author = {Arthur B Cummings and David Eftekhary and Frank G House},
    title = {The accurate determination of college students’ coefficients of friction},
    journal = {Journal of Sketchy Physics},
    volume = {13},
    year = {2003},
    number = {2},
    pages = {46--129},
}

% book
% Required fields: author or editor, title, publisher, year.
% Optional fields: volume or number, series, address, edition, month, note.
@book{book,
     author = {I J Kuss},
     title = {On the Importance of Kissing Up to Your Boss},
     edition = {5},
     publisher = {Dilbert Books},
     address = {Cambridge MA},
     year = {1995},
}

% inproceedings
% An article in a conference proceedings.
% Required fields: author, title, booktitle, year.
% Optional fields: editor, volume or number, series, pages, address, month, organization, publisher, note.
@inproceedings{inproceedings,
     author = {Aggarwal, Gagan and Hartline, Jason D.},
     year = {2006},
     title = {Knapsack auctions},
     booktitle = {Proceedings of the 17th Annual ACM-SIAM Symposium on Discrete Algorithms},
     pages = {1083-1092},
     publisher = {Association for Computing Machinery},
     address = {New York}
}

% phdthesis
% Required fields: author, title, school, year.
% Optional fields: type, address, month, note.
@phdthesis{phdthesis,
     author = {O P Qwerty},
     title = {History of the Goofy Layout of Keyboards},
     publisher = {Podunk University Arcana Department},
     address = {Podunk IN},
     year = {1996},
}

% mastersthesis
% Required fields: author, title, school, year.
% Optional fields: type, address, month, note.
@mastersthesis{mastersthesis,
     author = {O P Qwerty},
     title = {History of the Goofy Layout of Keyboards},
     publisher = {Podunk University Arcana Department},
     address = {Podunk IN},
     year = {1996},
}

% incollection
% Required fields: author, title, booktitle, publisher, year.
% Optional fields: editor, volume or number, series, type, chapter, pages, address, edition, month, note.
@incollection{incollection,
     author = {Tom Upsilon},
     title = {Obscure Greek letters and their meanings in mathematics and the sciences},
     editor = {V W Xavier},
     booktitle = {Proceedings of the seventh international trivia conference},
     publisher = {Last Resort Publishers},
     address = {Philadelphia PA},
     year = {1987},
     pages = {129--158},
}

% techreport
% Required fields: author, title, institution, year.
% Optional fields: type, number, address, month, note.
@techreport{techreport,
     author = {Robert Swearingen},
     title = {Morpholoty and syntax of British sailors’ English},
     series = {Technical Report},
     volume = {249},
     publisher = {Profanity Institute},
     address = {New York NY},
     year = {1985},
}

% misc
% Required fields: none.
% Optional fields: author, title, howpublished, month, year, note.
@misc{misc,
     author = {James Tetazoo},
     title = {A brief guide to recreational pyromania},
     howpublished = {Available at \url{http://www.blowinglotsofweirdstuffup.com/guide.html} (2005/06/12)},
}

% unpublished
% Required fields: author, title, note.
% Optional fields: month, year
@unpublished{unpublished,
     author = {J Mentor},
     title = {Behavior of small animals on fire},
     note = {Unpublished Manuscript},
     year = {2012},
}